{
  "leader": "02301cam a22004451i 4500",
  "fields": [
    {
      "001": "ocm14732506\\"
    },
    {
      "003": "OCoLC"
    },
    {
      "005": "20211116112318.0"
    },
    {
      "008": "810815s1947\\\\\\\\nyu\\\\\\\\\\\\b\\\\\\\\000\\0\\eng\\\\"
    },
    {
      "010": {
        "ind1": "\\",
        "ind2": "\\",
        "subfields": [
          {
            "a": "med47002507 "
          }
        ]
      }
    },
    {
      "040": {
        "ind1": "\\",
        "ind2": "\\",
        "subfields": [
          {
            "a": "NLM"
          },
          {
            "b": "eng"
          },
          {
            "c": "NLM"
          },
          {
            "d": "DLC"
          },
          {
            "d": "OUN"
          },
          {
            "d": "COU"
          },
          {
            "d": "MUQ"
          },
          {
            "d": "CGC"
          },
          {
            "d": "UKRCS"
          },
          {
            "d": "OCLCF"
          },
          {
            "d": "DEBBG"
          },
          {
            "d": "OCLCO"
          },
          {
            "d": "GBVCP"
          },
          {
            "d": "OCLCO"
          },
          {
            "d": "OCLCQ"
          },
          {
            "d": "OCLCA"
          },
          {
            "d": "IRCJS"
          },
          {
            "d": "OCLCO"
          },
          {
            "d": "OCLCQ"
          },
          {
            "d": "CNO"
          },
          {
            "d": "OCLCQ"
          },
          {
            "d": "OCLCO"
          },
          {
            "d": "OCLCQ"
          },
          {
            "d": "CASUM"
          },
          {
            "d": "OCLCO"
          },
          {
            "d": "OCLCQ"
          },
          {
            "d": "OCLCA"
          },
          {
            "d": "NLM"
          },
          {
            "d": "OCLCQ"
          },
          {
            "d": "OCLCO"
          }
        ]
      }
    },
    {
      "016": {
        "ind1": "7",
        "ind2": "\\",
        "subfields": [
          {
            "a": "27120580R"
          },
          {
            "2": "DNLM"
          }
        ]
      }
    },
    {
      "016": {
        "ind1": "7",
        "ind2": "\\",
        "subfields": [
          {
            "a": "BA16650213"
          },
          {
            "2": "JP-ToKJK"
          }
        ]
      }
    },
    {
      "019": {
        "ind1": "\\",
        "ind2": "\\",
        "subfields": [
          {
            "a": "190514"
          },
          {
            "a": "228794259"
          },
          {
            "a": "252879032"
          },
          {
            "a": "636802128"
          },
          {
            "a": "868233331"
          },
          {
            "a": "962862268"
          },
          {
            "a": "970999652"
          },
          {
            "a": "974446828"
          },
          {
            "a": "977276864"
          },
          {
            "a": "982144458"
          },
          {
            "a": "1013226088"
          },
          {
            "a": "1020917880"
          },
          {
            "a": "1026996045"
          },
          {
            "a": "1099353156"
          },
          {
            "a": "1107635658"
          }
        ]
      }
    },
    {
      "035": {
        "ind1": "\\",
        "ind2": "\\",
        "subfields": [
          {
            "a": "(OCoLC)14732506"
          },
          {
            "z": "(OCoLC)190514"
          },
          {
            "z": "(OCoLC)228794259"
          },
          {
            "z": "(OCoLC)252879032"
          },
          {
            "z": "(OCoLC)636802128"
          },
          {
            "z": "(OCoLC)868233331"
          },
          {
            "z": "(OCoLC)962862268"
          },
          {
            "z": "(OCoLC)970999652"
          },
          {
            "z": "(OCoLC)974446828"
          },
          {
            "z": "(OCoLC)977276864"
          },
          {
            "z": "(OCoLC)982144458"
          },
          {
            "z": "(OCoLC)1013226088"
          },
          {
            "z": "(OCoLC)1020917880"
          },
          {
            "z": "(OCoLC)1026996045"
          },
          {
            "z": "(OCoLC)1099353156"
          },
          {
            "z": "(OCoLC)1107635658"
          }
        ]
      }
    },
    {
      "043": {
        "ind1": "\\",
        "ind2": "\\",
        "subfields": [
          {
            "a": "n-us---"
          }
        ]
      }
    },
    {
      "050": {
        "ind1": "0",
        "ind2": "0",
        "subfields": [
          {
            "a": "R737"
          },
          {
            "b": ".S48"
          }
        ]
      }
    },
    {
      "060": {
        "ind1": "0",
        "ind2": "0",
        "subfields": [
          {
            "a": "W 20.5"
          },
          {
            "b": "S561a 1947"
          }
        ]
      }
    },
    {
      "082": {
        "ind1": "0",
        "ind2": "4",
        "subfields": [
          {
            "a": "610.72073"
          },
          {
            "b": "SHR"
          }
        ]
      }
    },
    {
      "100": {
        "ind1": "1",
        "ind2": "\\",
        "subfields": [
          {
            "a": "Shryock, Richard Harrison,"
          },
          {
            "d": "1893-1972."
          }
        ]
      }
    },
    {
      "245": {
        "ind1": "1",
        "ind2": "0",
        "subfields": [
          {
            "a": "American medical research :"
          },
          {
            "b": "past and present /"
          },
          {
            "c": "Richard H. Shryock."
          }
        ]
      }
    },
    {
      "260": {
        "ind1": "\\",
        "ind2": "\\",
        "subfields": [
          {
            "a": "New York :"
          },
          {
            "b": "Commonwealth Fund,"
          },
          {
            "c": "1947."
          }
        ]
      }
    },
    {
      "300": {
        "ind1": "\\",
        "ind2": "\\",
        "subfields": [
          {
            "a": "xiv, 350 pages ;"
          },
          {
            "c": "22 cm"
          }
        ]
      }
    },
    {
      "336": {
        "ind1": "\\",
        "ind2": "\\",
        "subfields": [
          {
            "a": "text"
          },
          {
            "b": "txt"
          },
          {
            "2": "rdacontent"
          }
        ]
      }
    },
    {
      "337": {
        "ind1": "\\",
        "ind2": "\\",
        "subfields": [
          {
            "a": "unmediated"
          },
          {
            "b": "n"
          },
          {
            "2": "rdamedia"
          }
        ]
      }
    },
    {
      "338": {
        "ind1": "\\",
        "ind2": "\\",
        "subfields": [
          {
            "a": "volume"
          },
          {
            "b": "nc"
          },
          {
            "2": "rdacarrier"
          }
        ]
      }
    },
    {
      "490": {
        "ind1": "1",
        "ind2": "\\",
        "subfields": [
          {
            "a": "New York Academy of Medicine. Committee on Medicine and the Changing Order. Monograph studies"
          }
        ]
      }
    },
    {
      "504": {
        "ind1": "\\",
        "ind2": "\\",
        "subfields": [
          {
            "a": "Includes bibliographical references."
          }
        ]
      }
    },
    {
      "510": {
        "ind1": "4",
        "ind2": "\\",
        "subfields": [
          {
            "a": "Garrison-Morton (5th ed.)"
          },
          {
            "c": "6595"
          }
        ]
      }
    },
    {
      "650": {
        "ind1": "\\",
        "ind2": "0",
        "subfields": [
          {
            "a": "Medicine"
          },
          {
            "x": "Research"
          },
          {
            "z": "United States."
          }
        ]
      }
    },
    {
      "651": {
        "ind1": "\\",
        "ind2": "0",
        "subfields": [
          {
            "a": "United States."
          }
        ]
      }
    },
    {
      "650": {
        "ind1": "\\",
        "ind2": "2",
        "subfields": [
          {
            "a": "History, Modern 1601-"
          }
        ]
      }
    },
    {
      "650": {
        "ind1": "\\",
        "ind2": "7",
        "subfields": [
          {
            "a": "Medicine"
          },
          {
            "x": "Research."
          },
          {
            "2": "fast"
          },
          {
            "0": "(OCoLC)fst01015059"
          }
        ]
      }
    },
    {
      "651": {
        "ind1": "\\",
        "ind2": "7",
        "subfields": [
          {
            "a": "United States."
          },
          {
            "2": "fast"
          },
          {
            "0": "(OCoLC)fst01204155"
          }
        ]
      }
    },
    {
      "776": {
        "ind1": "0",
        "ind2": "8",
        "subfields": [
          {
            "i": "Online version:"
          },
          {
            "a": "Shryock, Richard Harrison, 1893-1972."
          },
          {
            "t": "American medical research, past and present."
          },
          {
            "d": "New York, Commonwealth Fund, 1947"
          },
          {
            "w": "(OCoLC)599569559"
          }
        ]
      }
    },
    {
      "830": {
        "ind1": "\\",
        "ind2": "0",
        "subfields": [
          {
            "a": "Studies of the New York Academy of Medicine Committee on Medicine and the Changing Order."
          }
        ]
      }
    },
    {
      "994": {
        "ind1": "\\",
        "ind2": "\\",
        "subfields": [
          {
            "a": "Z0"
          },
          {
            "b": "NYRVC"
          }
        ]
      }
    },
    {
      "948": {
        "ind1": "\\",
        "ind2": "\\",
        "subfields": [
          {
            "h": "NO HOLDINGS IN NYRVC - 258 OTHER HOLDINGS"
          }
        ]
      }
    },
    {
      "999": {
        "ind1": "\\",
        "ind2": "\\",
        "subfields": [
          {
            "a": "no barcode on first copy"
          }
        ]
      }
    },
    {
      "999": {
        "ind1": "\\",
        "ind2": "\\",
        "subfields": [
          {
            "a": "no barcode on second copy"
          }
        ]
      }
    }
  ]
}